@article{mi,
  title={Multiple imputation of missing blood pressure covariates in survival analysis},
  author={Van Buuren, Stef and Boshuizen, Hendriek C and Knook, Dick L},
  journal={Statistics in medicine},
  volume={18},
  number={6},
  pages={681--694},
  year={1999},
  publisher={Wiley Online Library}
}

@book{helpstar,
  title={Clinical prediction models},
  author={Steyerberg, Ewout W and others},
  year={2019},
  publisher={Springer}
}

@manual{firstblood,
  title  = {The top 10 causes of death},
  author = {WHO},
  url    = {https://www.who.int/en/news-room/fact-sheets/detail/the-top-10-causes-of-death},
  year   = {May 24, 2018 (Accessed July 19, 2020)}
}
@manual{2blood,
  title  = {Coronary heart disease - causes, symptoms, prevention},
  author = {Southern Cross Medical Library},
  url    = {https://web.archive.org/web/20140303085351/https://www.southerncross.co.nz/AboutTheGroup/HealthResources/MedicalLibrary/tabid/178/vw/1/ItemID/191/},
  year   = {June 26, 2013 (Accessed July 19, 2020)}
}
@manual{3blood,
  title  = {冠状动脉粥样硬化性心脏病},
  author = {百度百科},
  url    = {https://baike.baidu.com/item/冠状动脉粥样硬化性心脏病/},
  year   = {(Accessed July 19, 2020)}
}

@manual{chol,
  title  = {What is serum cholesterol?},
  author = {Medical News Today},
  url    = {https://www.medicalnewstoday.com/articles/321519#normal-ranges},
  year   = {(Accessed July 20, 2020)}
}

@article{70y,
  title={70-year legacy of the Framingham Heart Study},
  author={Andersson, Charlotte and Johnson, Andrew D and Benjamin, Emelia J and Levy, Daniel and Vasan, Ramachandran S},
  journal={Nature Reviews Cardiology},
  pages={1},
  year={2019},
  publisher={Nature Publishing Group}
}

@book{ria,
  title     = {R in Action: Data Analysis and Graphics with R},
  author    = {Kabacoff, R.},
  isbn      = {9781617291388},
  lccn      = {2015458096},
  series    = {Data, statistics, programming},
  year      = {2015},
  publisher = {Manning}
}

@article{cr,
  title={Tutorial in biostatistics: competing risks and multi-state models},
  author={Putter, Hein and Fiocco, Marta and Geskus, Ronald B},
  journal={Statistics in medicine},
  volume={26},
  number={11},
  pages={2389--2430},
  year={2007},
  publisher={Wiley Online Library}
}

@article{roy,
  title={Regression using fractional polynomials of continuous covariates: parsimonious parametric modelling},
  author={Royston, Patrick and Altman, Douglas G},
  journal={Journal of the Royal Statistical Society: Series C (Applied Statistics)},
  volume={43},
  number={3},
  pages={429--453},
  year={1994},
  publisher={Wiley Online Library}
}